@misc{who_2020, 
  title={Dementia}, 
  url={https://www.who.int/news-room/fact-sheets/detail/dementia}, 
  journal={World Health Organization}, 
  publisher={World Health Organization}, 
  year={2020}, 
  month={Sep}
} 

@misc{Alz_assoc, 
  title={2021 Alzheimer's Disease Facts and Figures}, 
  url={https://www.alz.org/media/documents/alzheimers-facts-and-figures.pdf}, 
  journal={Alzheimers Dement}, 
  volume = {2021.17(3)},
  publisher={Alzheimer's Association}, 
  year={2021}, 
  month={Sep}
} 

@article{kalman_bfgs,
  title={Large-scale Kalman filtering using the limited memory BFGS method},
  volume={35},
  journal={Electronic Transactions on Numerical Analysis},
  author={Auvinen, H., Bardsley, J. M., Haario, H., & Kauranne, T.},
  year={2009},
  pages={217-233}
}

@article{ansley_kohn_1985, 
  title={Estimation, Filtering, and Smoothing in State Space Models with Incompletely Specified Initial Conditions}, 
  volume={13}, 
  number={4}, 
  journal={The Annals of Statistics}, 
  author={Ansley, Craig F. and Kohn, Robert}, 
  year={1985}, 
  pages={1286–1316}
}
  
@article{NACC,
  title={The National Alzheimer’s Coordinating Center (NACC) database: the uniform data set},
  volume={21},
  journal={Alzheimer Disease and Associated Disorders},
  author={Beekly, D. L., Ramos, E. M., Lee, W. W., Deitrich, W. D., Jacka, M. E., Wu, J., & Kukull,W. A.},
  year={2007},
  pages={249-258}
}

@article{likRatio,
  title={The likelihood ratio, Wald, and Lagrange multiplier tests: An expository
note},
  volume={36},
  journal={The American Statistician},
  author={Buse, A},
  year={1982},
  pages={153-157}
}


@article{conOpt,
  title={A limited memory algorithm for bound constrained optimization},
  volume={16},
  journal={Scientific Computing},
  author={Byrd, R. H., Lu, P., Nocedal, J. & Zhu, C},
  year={1995},
  pages={1190–1208}
}


@article{randAR1,
  title={Models for longitudinal data with random effects and AR (1) errors},
  volume={84},
  journal={Journal of the American Statistical Association},
  author={Chi, E. M., & Reinsel, G. C},
  year={1989},
  pages={452-459}
}

@article{neuroAlz,
  title={The neuropsychology of preclinical Alzheimer’s disease and mild cognitive impairment},
  volume={24},
  journal={Neuroscience Biobehavioral Reviews},
  author={Collie, A., & Maruff, P},
  year={200},
  pages={365-374}
}

@article{timeSer,
  title={Statistical analysis of time series: some recent developments (with discussion)},
  volume={8},
  journal={Scandinavian Journal of Statistics},
  author={D. R. Cox},
  year={1981},
  pages={65-92}
}

@article{smoothInterp,
  title={Smoothing and interpolation with the state-space model},
  volume={84},
  journal={Journal of the American Statistical Association},
  author={P. De Jong},
  year={1989},
  pages={1085-1088}
}


@book{durbin_koopman_2012, 
 place={Oxford}, 
 title={Time series analysis by state space methods}, 
 publisher={Oxford University Press}, 
 author={Durbin, J. and Koopman, S. J.}, 
 year={2012}
} 


@article{ecolMod,
  title={A brief introduction to mixed effects modelling and multi-model inference in ecology},
  volume={6},
  journal={PeerJ},
  author={Harrison, X. A., Donaldson, L., Correa-Cano, M. E., Evans, J., Fisher, D. N., Goodwin, C. E., ... & Inger, R},
  year={2018},
  pages={e4794}
}

 @book{harvey_2009, 
  place={Cambridge}, 
  title={Forecasting, structural time series models and the Kalman filter}, 
  publisher={Cambridge Univ. Press}, 
  author={Harvey, Andrew C.}, 
  year={2009}
} 

@book{kalbfleisch_1985, 
  place={New York}, 
  title={Probability and statistical inference}, 
  publisher={Springer-Verlag}, 
  author={Kalbfleisch, J. G.}, 
  year={1985}
} 

@article{linFilt,
  title={A new approach to linear filtering and prediction problems},
  volume={82},
  journal={Journal of Basic Engineering},
  author={Kalman, R. E.},
  year={1960},
  pages={35-45}
}

@article{exactKF,
  title={Exact initial Kalman filtering and smoothing for nonstationary time series models},
  volume={92},
  number={440},
  journal={Journal of the American Statistical Association},
  author={Koopman, S. J.},
  year={1997},
  pages={1630-1638}
}

@article{randEff,
  title={Random-effects models for longitudinal data},
  volume={38},
  journal={Biometrics},
  author={Laird, N. M., & Ware, J. H.},
  year={1982},
  pages={963-974}
}

@article{mixedEffSSM,
  title={Mixed-effects state-space models for analysis
of longitudinal dynamic systems},
  volume={67},
  journal={Biometrics},
  author={Liu, D., Lu, T., Niu, X. F., & Wu, H},
  year={2011},
  pages={476-485}
}


@article{CERAD,
  title={The consortium to establish a registry for Alzheimer’s disease (CERAD): I. Clinical and neuropsychological assessment of Alzheimer’s disease.},
  volume={39},
  DOI={},
  number={},
  journal={Neurology},
  author={Morris, J. C., Heyman, A., Mohs, R. C., Hughes, J. P., van Belle, G., Fillenbaum, G. D., M. E., ... & Clark, C.},
  year={1989},
  pages={1159-1165}
}


@article{objKalm,
  title={Moving object tracking using Kalman Filter},
  volume={2},
  journal={International Journal of Computer Science and Mobile Computing},
  author={Patel, H. A., & Thakore, D. G.},
  year={2013},
  pages={326-332}
}


@article{lewyBody   ,
  title={Cognitive decline in dementia with Lewy bodies: a 5-year prospective cohort study},
  volume={6},
  journal={BMJ Open},
  author={Rongve, A., Soennesyn, H., Skogseth, R., Oesterhus, R., Hortob´agyi, T., Ballard, C., ...
& Aarsland, D.},
  year={2016},
  pages={2}
}


@book{shumway_stoffer_2017, 
 place={Cham, Switzerland}, 
 title={Time series analysis and its applications: with R examples}, 
 publisher={Springer}, 
 author={Shumway, Robert H. and Stoffer, David S.}, 
 year={2017}
} 


@article{BootSSM,
  title={Bootstrapping state-space models: Gaussian maximum
likelihood estimation and the Kalman filter},
  volume={86},
  journal={Journal of the American Statistical Association},
  author={Stoffer, D. S., & Wall, K. D.},
  year={1991},
  pages={1024-1033}
}


@article{yorg,
  title={Dynamic factor analysis for multivariate time series:
An application to cognitive trajectories},
  volume={1},
  journal={International Journal of Clinical Biostatistics
and Biometrics},
  author={Tripodis, Y., & Zirogiannis, N},
  year={2015},
  pages={1}
}

@article{neuroCourse,
  title={Course of neuropsychiatric symptoms in dementia: 5-year Longitudinal Study},
  volume={33},
  journal={International Journal of Geriatric Psychiatry},
  author={Vik-Mo, A. O., Giil, L. M., Ballard, C., & Aarsland, D.},
  year={2018},
  pages={1361-1369}
}

@article{UDS,
  title={The Alzheimer’s disease centers’ uniform data set (UDS): The neuropsychological test battery.},
  volume={23},
  journal={Alzheimer Disease and Associated Disorders },
  author={Weintraub, S., Salmon, D., Mercaldo, N., Ferris, S., Graff-Radford, N. R., Chui, H., ... & Peskind, E.},
  year={2009},
  pages={91}
}

@article{CERADconsort,
  title={The Consortium to Establish a Registry for Alzheimer’s Disease (CERAD). Part V. A normative study of the neuropsychological battery},
  volume={44},
  journal={Neurology},
  author={Welsh, K. A., Butters, N., Mohs, R. C., Beekly, D., Edland, S., Fillenbaum, G., & Heyman, A.},
  year={1994},
  pages={609}
}

@article{BiasDem,
  title={Guidelines for reporting methodological challenges and evaluating potential bias in dementia research},
  volume={119},
  journal={Alzheimers & Dementia},
  author={Weuve, J., Proust-Lima, C., Power, M. C., Gross, A. L., Hofer, S. M., Thi´ebaut, R., Chˆene, G., Glymour, M.M., Dufouil, C, MELODEM Initiative},
  year={2015},
  pages={1098-1109}
}

@article{limBFGS,
  title={Limited memory BFGS method for nonlinear monotone equations},
  journal={Computational Mathematics},
  author={Zhou, W., & Li, D.},
  year={2007},
  pages={89-96}
}

@article{tempAuto,
  title={Temporal autocorrelation: a neglected factor in the study of behavioral repeatability and plasticity},
  journal={Behavorial Ecology},
  author={David J Mitchell, Antoine M Dujon, Christa Beckmann, Peter A Biro},
  year={2020},
  volume = {31},
  pages={222-231}
}


@article{riskAD,
  title={Gene dose of apolipoprotein E type 4 allele and the risk of Alzheimer's disease in late onset families},
  journal={Science},
  author={E H Corder, A M Saunders, W J Strittmatter, D E Schmechel, P C Gaskell, G W Small, A D Roses, J L Haines, M A Pericak-Vance},
  year={1993},
  volume = {261},
  pages={921}
}

@article{APOErateNLME,
  title={APOE alleles predict the rate of cognitive decline in Alzheimer disease: A nonlinear model},
  journal={Neurology},
  author={Martins, C A.R. MSc; Oulhaj, A PhD; de Jager, C A. PhD; Williams, J H. MA, DPhil, MRCPsych},
  year={2005},
  volume = {65},
  pages={1888-1893}
}

@article{APOErateLME,
  title={Longitudinal Modeling of Age-Related Memory Decline and the APOE e4 Effect},
  journal={New England Journal of Medicine},
  author={Richard J. Caselli, M.D., Amylou C. Dueck, Ph.D., David Osborne, Ph.D., Marwan N. Sabbagh, M.D., Donald J. Connor, Ph.D., Geoffrey L. Ahern, M.D., Ph.D., Leslie C. Baxter, Ph.D., Steven Z. Rapcsak, M.D., Jiong Shi, M.D., Bryan K. Woodruff, M.D., Dona E.C. Locke, Ph.D., Charlene Hoffman Snyder, C.N.P., et al.},
  year={2009},
  volume = {361},
  pages={255-263}
}


@article{NLMESSM,
  title={Mixed-Effects State Space Models for Analysis of Longitudinal Dynamic Systems},
  journal={Biometrics},
  author={Dacheng Liu, Tao Lu, Xu-Feng Niu, and Hulin Wu},
  year={2012},
  volume = {67},
  pages={476-485}
}


@article{ADage,
  title={Characterization of Dementia and Alzheimer’s Disease in an Older Population: Updated Incidence and Life Expectancy With and Without Dementia},
  journal={AM J Public Hleath},
  author={Sarah E. Tom, PhD, MPH, Rebecca A. Hubbard, PhD, Paul K. Crane, MD, MPH, Sebastien J. Haneuse, PhD, James Bowen, MD, Wayne C. McCormick, MD, MPH, Susan McCurry, PhD, and Eric B. Larson, MD, MPH},
  year={2015},
  volume={105},
  pages={408-413}
}



@article{lmemE4decline,
  title={Longitudinal Modeling of Age-Related Memory Decline and the APOE e4 Effect},
  journal={Yearbook of Pediatrics},
  author={Stockman, J.A.},
  year={2011},
  volume={2011},
  pages={404-405}
}

@article{nonparam,
  title={Analysing cognitive test data: Distributions and non-parametric random effects},
  journal={Yearbook of Pediatrics},
  author={Stockman, J.A.},
  year={2011},
  volume={2011},
  pages={404-405}
}

@article{lmem1,
  title={Vitamin B-12, apolipoprotein E genotype, and cognitive performance in community-living older adults: evidence of a gene-micronutrient interaction},
  journal={AmJ Clin Nutr},
  author={Feng L,  Li J,  Yap KB, et al},
  year={2009},
  volume={89 4},
  pages={1263-1268}
}

@article{lmem2,
  title={An abnormal “one-leg balance” test predicts cognitive decline during Alzheimer’s disease},
  journal={J Alzheimers},
  author={Rolland Y,  Abellan van Kan G,  Nourhashemi F, et al},
  year={2009},
  volume={16 3},
  pages={525-531}
}

@article{lmem3,
  title={Does low to moderate alcohol intake protect against cognitive decline in older people?},
  journal={J Am Geriatr Soc},
  author={Stott DJ,  Falconer A,  Kerr GD, et al},
  year={2008},
  volume={56 12},
  pages={2217-2224}
}

@article{lmem4,
  title={Association of a functional polymorphism in the cholesteryl ester transfer protein (CETP) gene with memory decline and incidence of dementia},
  journal={JAMA 2010},
  author={Sanders AE,  Wang C,  Katz M, et al.},
  year={2010},
  volume={303 2},
  pages={150-158}
}


@article{MisuseLMEM,
  title={Misuse of the Linear Mixed Model When Evaluating Risk Factors of Cognitive Decline},
  journal={American Journal of Epidemiology},
  author={Cécile Proust-Lima, Jean-François Dartigues, Hélène Jacqmin-Gadda},
  year={2011},
  volume={174 9},
  pages={1077-1088}
}


@article{APOE1,
  title={Clinical and pathological correlates of apolipoprotein E epsilon 4 in Alzheimer's disease},
  journal={Ann Neurol},
  author={Gomez-Isla T, West HL, Rebeck GW, et al.},
  year={1996},
  volume={39},
  pages={62-70}
}


@article{APOE2,
  title={Apolipoprotein E genotype does not influence rates of cognitive decline in Alzheimer's disease},
  journal={Neurology},
  author={Growdon JH, Locascio JJ, Corkin S, Gomez-Isla T, Hyman BT.},
  year={1996},
  volume={47},
  pages={444-448}
}

@article{APOE3,
  title={Apolipoprotein E genotype and rate of decline in probable Alzheimer's disease},
  journal={Arch Neurol},
  author={Dal Forno G, Rasmusson DX, Brandt J, et al.},
  year={1996},
  volume={53},
  pages={345-350}
}


@article{APOE4,
  title={Association between apolipoprotein E epsilon4 and the rate of cognitive decline in community-dwelling elderly individuals with and without dementia},
  journal={Arch Neurol},
  author={Jonker C, Schmand B, Lindeboom J, Havekes LM, Launer LJ},
  year={1998},
  volume={55},
  pages={1065-1069}
}


@article{APOE5,
  title={Apolipoprotein E epsilon 4 allele, cognitive decline, and deterioration of everyday performance in Alzheimer's disease.},
  journal={Neurology},
  author={Kurz A, Egensperger R, Haupt M, et al},
  year={1996},
  volume={47},
  pages={440-443}
}


@article{APOE6,
  title={APOE epsilon 4 allele and cognitive decline in patients with Alzheimer's disease},
  journal={Neurology},
  author={Asada T, Kariya T, Yamagata Z, Kinoshita T, Asaka A},
  year={1996},
  volume={Neurology},
  pages={60}
}


@article{APOE7,
  title={Gene dose of the epsilon 4 allele of apolipoprotein E and disease progression in sporadic late-onset Alzheimer's disease},
  journal={Ann Neurol},
  author={Frisoni GB, Govoni S, Geroldi C, et al.},
  year={1995},
  volume={37},
  pages={596-604}
}


@article{APOE8,
  title={The absence of an apolipoprotein epsilon4 allele is associated with a more aggressive form of Alzheimer's disease},
  journal={Ann Neurol},
  author={Stern Y, Brandt J, Albert M, et al},
  year={1997},
  volume={41},
  pages={615-620}
}


@article{APOE9,
  title={Individual growth curve analysis of APOE epsilon 4-associated cognitive decline in Alzheimer disease.},
  journal={Arch Neurol},
  author={Hyot BD, Massman PJ, Schatschneider C, Cooke N, Doody RS.},
  year={2005},
  volume={62},
  pages={454-459}
}


@article{APOElmemUnstructured,
  title={APOE E4 status predicts age-related cognitive decline in the ninth decade: longitudinal follow-up of the Lothian Birth Cohort 1921.},
  journal={Molecular Psychiatry},
  author={O J G Schiepers, S E Harris, A J Gow, A Pattie, C E Brett, J M Starr & I J Deary},
  year={2012},
  volume={17},
  pages={315-324}
}


@article{ADprogression,
  title={Language impairment in Alzheimer’s disease and benefits of acetylcholinesterase inhibitors},
  journal={Clinical Interventions in Aging},
  author={Ferris, Stenven H, and Martin Farlow},
  year={2013},
  volume={8},
  pages={1007-1014}
}


